%% This BibTeX bibliography file was created using BibDesk.
%% https://bibdesk.sourceforge.io/

%% Created for Hannes Steiner at 2020-04-03 15:21:38 +0200 


%% Saved with string encoding Unicode (UTF-8) 



@article{bragge2013model,
	Author = {Bragge, Matti and others},
	Date-Added = {2020-04-03 15:18:17 +0200},
	Date-Modified = {2020-04-03 15:18:17 +0200},
	Title = {Model-View-Controller architectural pattern and its evolution in graphical user interface frameworks},
	Year = {2013}}

@comment{BibDesk Static Groups{
<?xml version="1.0" encoding="UTF-8"?>
<!DOCTYPE plist PUBLIC "-//Apple//DTD PLIST 1.0//EN" "http://www.apple.com/DTDs/PropertyList-1.0.dtd">
<plist version="1.0">
<array>
	<dict>
		<key>group name</key>
		<string>Beleg</string>
		<key>keys</key>
		<string>bragge2013model</string>
	</dict>
</array>
</plist>
}}
